@article{brown2020language,
  title={Language Models are Few-Shot Learners},
  author={Brown, Tom B and Mann, Benjamin and Ryder, Nick and Subbiah, Melanie and Kaplan, Jared and Dhariwal, Prafulla and Neelakantan, Arvind and Shyam, Pranav and Sastry, Girish and Askell, Amanda and others},
  journal={Advances in Neural Information Processing Systems},
  volume={33},
  pages={1877--1901},
  year={2020}
}

@article{ouyang2022training,
  title={Training language models to follow instructions with human feedback},
  author={Ouyang, Long and Wu, Jeffrey and Jiang, Xu and Almeida, Diogo and Wainwright, Carroll L and Mishkin, Pamela and Zhang, Chong and Agarwal, Sandhini and Slama, Katarina and Ray, Alex and others},
  journal={Advances in Neural Information Processing Systems},
  volume={35},
  pages={27730--27744},
  year={2022}
}

@online{catalogwpg2023,
  title={Каталог ВПИ},
  subtitle={Сообщество военно-политических игр},
  url={https://vk.com/catalogwpg},
  language={russian},
  urldate={2023-10-15},
  media={eresource}
}

@online{wpg-definition,
  title={Что такое военно-политические игры (ВПИ)?},
  subtitle={Введение в жанр текстовых стратегических игр},
  url={https://dtf.ru/id417564/853668-chto-takoe-voenno-politicheskie-igry-vpi},
  language={russian},
  urldate={2025-05-04},
  media={eresource}
}

@techreport{openai2023gpt4,
  title={GPT-4 Technical Report},
  author={OpenAI},
  institution={OpenAI},
  url={https://arxiv.org/abs/2303.08774},
  year={2023}
}

@article{bubeck2023sparks,
  title={Sparks of Artificial General Intelligence: Early experiments with GPT-4},
  author={Bubeck, S{\'e}bastien and Chandrasekaran, Varun and Eldan, Ronen and Gehrke, Johannes and Horvitz, Eric and Kamar, Ece and Lee, Peter and Lee, Yin Tat and Li, Yuanzhi and Lundberg, Scott and others},
  journal={arXiv preprint arXiv:2303.12712},
  year={2023}
}

@inproceedings{liu2023evaluating,
  title={Evaluating the Factual Consistency of Large Language Models Through News Summarization},
  author={Liu, Shivangi and Ogren, Peter and Peng, Nanyun},
  booktitle={Proceedings of the 2023 Conference on Empirical Methods in Natural Language Processing},
  pages={10574--10587},
  year={2023}
}

@inproceedings{yuan2022wordcraft,
  title={Wordcraft: Story Writing With Large Language Models},
  author={Yuan, Andy and Coenen, Andy and Reif, Emily and Ippolito, Daphne},
  booktitle={27th International Conference on Intelligent User Interfaces},
  pages={841--852},
  year={2022},
  organization={ACM}
}

@article{park2023generative,
  title={Generative Agents: Interactive Simulacra of Human Behavior},
  author={Park, Joon Sung and O'Brien, Joseph C and Cai, Carrie J and Morris, Meredith Ringel and Liang, Percy and Bernstein, Michael S},
  journal={Proceedings of the 36th Annual ACM Symposium on User Interface Software and Technology},
  year={2023},
  organization={ACM}
}

@online{dtf2021, title={Что такое военно-политические игры (ВПИ)?}, subtitle={Каталог ВПИ}, url={https://dtf.ru/u/417564-katalog-vpi/853668-chto-takoe-voenno-politicheskie-igry-vpi}, urldate={2025-05-04}, language={russian}, media={eresource} }

@online{cloudru2025, title={Как работают большие языковые модели?}, subtitle={Cloud.ru}, url={https://cloud.ru/docs/aicloud/mlspace/concepts/tutorials/llm/tutorials__llm_how_it_works.html}, urldate={2025-05-04}, language={russian}, media={eresource} }

@online{uniteai2025, title={10 лучших генераторов игр с искусственным интеллектом}, subtitle={Unite.AI}, url={https://www.unite.ai/ru/best-ai-game-generators/}, urldate={2025-05-04}, language={russian}, media={eresource} }

@online{wikipediaMAS2025, title={Многоагентная система}, subtitle={Википедия}, url={https://ru.wikipedia.org/wiki/Многоагентная_система}, urldate={2025-05-04}, language={russian}, media={eresource} }

@online{wikipediaDH2025, title={Цифровые гуманитарные науки}, subtitle={Википедия}, url={https://ru.wikipedia.org/wiki/Цифровые_гуманитарные_науки}, urldate={2025-05-04}, language={russian}, media={eresource} }

@online{wikipediaAIArt2025, title={Искусственный интеллект в искусстве}, subtitle={Википедия}, url={https://ru.wikipedia.org/wiki/Искусственный_интеллект_в_искусстве}, urldate={2025-05-04}, language={russian}, media={eresource} }

@online{habrMAS2018, title={Мультиагентные системы в построении виртуальных пространств}, subtitle={Хабр}, url={https://habr.com/ru/companies/microsoft/articles/419129/}, urldate={2025-05-04}, language={russian}, media={eresource} }

@book{christensen2016knowing,
  title={Competing Against Luck: The Story of Innovation and Customer Choice},
  author={Christensen, Clayton M. and Hall, Taddy and Dillon, Karen and Duncan, David S.},
  year={2016},
  publisher={HarperBusiness},
  address={New York}
}

@book{newman2021building,
  title={Building Microservices: Designing Fine-Grained Systems},
  author={Newman, Sam},
  year={2021},
  edition={2},
  publisher={O'Reilly Media},
  address={Sebastopol, CA}
}

@article{shen2023hugginggpt,
  title={HuggingGPT: Solving AI Tasks with ChatGPT and its Friends in Hugging Face},
  author={Shen, Sheng and Yang, Zhuang and Huang, Guohao and Wu, Zhenda and Huang, Xin and Ye, Weiyue and Liu, Xipeng and Tang, Menghan and Liu, Eric and Li, Stan Z. and Zhao, Zhou and Zhou, Daya and Yan, Shuicheng and Xie, Weining and Xia, Yujiu},
  journal={arXiv preprint arXiv:2303.17580},
  year={2023}
}

@article{zhou2023evaluation,
  title={Evaluation Methods for Large Language Models: A Systematic Survey},
  author={Zhou, Yupeng and Muresanu, Anchit and Han, Zhiheng and Paster, Kadierdan and Zou, Peiying and Wang, Nuan and Wang, Qi and Zhang, Isavella and Coimbra, David R. and Zheng, Zhun and Gao, Pengkai and Yu, Xinrun and Zhou, Xu and Yu, Qifan and Chen, Kuang and Ye, Guangtao and Jiang, Jinliang and others},
  journal={arXiv preprint arXiv:2307.03109},
  year={2023}
}

@book{martin2019clean,
  title={Clean Agile: Back to Basics},
  author={Martin, Robert C.},
  year={2019},
  publisher={Pearson Education},
  address={Upper Saddle River, NJ}
}

@inproceedings{lewis2020retrieval,
  title={Retrieval-Augmented Generation for Knowledge-Intensive NLP Tasks},
  author={Lewis, Patrick and Perez, Ethan and Piktus, Aleksandra and Petroni, Fabio and Karpukhin, Vladimir and Goyal, Naman and K{\"u}ttler, Heinrich and Lewis, Mike and Yih, Wen-tau and Rockt{\"a}schel, Tim and Riedel, Sebastian and Kiela, Douwe},
  booktitle={Advances in Neural Information Processing Systems},
  volume={33},
  pages={9459--9474},
  year={2020}
}

@book{albert2013measuring,
  title={Measuring the User Experience: Collecting, Analyzing, and Presenting Usability Metrics},
  author={Albert, William and Tullis, Thomas},
  year={2013},
  edition={2},
  publisher={Morgan Kaufmann},
  address={Burlington, MA}
}

@online{wpg-glossary,
  title={Глоссарий терминов ВПИ},
  url={https://docs.google.com/document/d/10FNjgYPqQUfM6HsTrk4UmS1tLtPVtLwG8yc-m6o2F0E/},
  urldate={2023-12-10},
  language={russian},
  media={eresource}
}

@online{wpg-definition,
  title={Что такое военно-политические игры (ВПИ)?},
  url={https://vk.com/page-94769699_55404818},
  urldate={2023-12-08},
  language={russian},
  media={eresource}
}

@online{dtf-wpg-article,
  title={Что такое военно-политические игры (ВПИ)},
  author={Арсений Серебров},
  url={https://dtf.ru/id417564/853668-chto-takoe-voenno-politicheskie-igry-vpi},
  urldate={2023-12-15},
  language={russian},
  media={eresource}
}

@online{wpg-encyclopedia,
  title={Энциклопедия ВПИ},
  url={https://catalogwpg.ru/Заглавная_страница},
  urldate={2023-12-10},
  language={russian},
  media={eresource}
}

@book{wpg-history-article,
  title={История настольных военных игр},
  author={Петерсон, Джон},
  year={2018},
  publisher={McFarland \& Company},
  address={Jefferson, NC},
  language={english}
}

@online{wpg-dtf,
  title={История и развитие военно-политических игр в России},
  author={Каталог ВПИ},
  url={https://vk.com/@catalogwpg-istoriya-vpi},
  urldate={2023-11-20},
  language={russian},
  media={eresource}
}

@online{catalogwpg,
  title={Каталог ВПИ},
  subtitle={Сообщество военно-политических игр},
  url={https://vk.com/catalogwpg},
  urldate={2023-12-05},
  language={russian},
  media={eresource}
}

@online{wpg-glossary,
  title={Глоссарий терминов ВПИ},
  url={https://docs.google.com/document/d/10FNjgYPqQUfM6HsTrk4UmS1tLtPVtLwG8yc-m6o2F0E/},
  urldate={2023-12-10},
  language={russian},
  media={eresource}
}

@online{dtf-wpg-article,
  title={Что такое военно-политические игры (ВПИ)},
  author={Арсений Серебров},
  url={https://dtf.ru/id417564/853668-chto-takoe-voenno-politicheskie-igry-vpi},
  urldate={2023-12-15},
  language={russian},
  media={eresource}
}

@book{rpg-gamemaster,
  title={Game Mastering: How to Run a Role-Playing Game},
  author={Laws, Robin D.},
  year={2016},
  publisher={Atlas Games},
  address={Saint Paul, MN},
  language={english}
}

@book{narratology-games,
  title={Game Writing: Narrative Skills for Videogames},
  author={Bateman, Chris},
  year={2006},
  publisher={Charles River Media},
  address={Boston, MA},
  language={english}
}

@online{wpg-dtf,
  title={История и развитие военно-политических игр в России},
  author={Каталог ВПИ},
  url={https://vk.com/@catalogwpg-istoriya-vpi},
  urldate={2023-11-20},
  language={russian},
  media={eresource}
}

@online{paired-verdership,
  title={Парные вердерства},
  subtitle={Или перенос ролевой системы соролов в ВПИ},
  author={Каталог ВПИ},
  url={https://vk.com/@catalogwpg-parnye-verderstva},
  urldate={2023-12-18},
  language={russian},
  media={eresource}
}

@article{ai-narrative,
  title={AI-based Interactive Storytelling: Bridging the Gap Between Game Design and Narrative Theory},
  author={Riedl, Mark O. and Bulitko, Vadim},
  journal={IEEE Transactions on Games},
  volume={12},
  number={4},
  pages={423--431},
  year={2020},
  publisher={IEEE}
}

@article{ai-game-simulation,
  title={Advanced Game Simulation Using Large Language Models},
  author={Samothrakis, Spyridon and Lucas, Simon M.},
  journal={IEEE Conference on Computational Intelligence and Games},
  pages={156--163},
  year={2022},
  publisher={IEEE}
}

@article{llm-limitations,
  title={On the Limitations of Large Language Models for Text Generation},
  author={Mitchell, Margaret and Wu, Jeff and Zaldivar, Andrew and Barnes, Parker and Vasserman, Lucy and Hutchinson, Ben and Spitzer, Elena and Raji, Inioluwa Deborah and Gebru, Timnit},
  journal={Proceedings of the 2022 Conference on Fairness, Accountability, and Transparency},
  pages={193--206},
  year={2022},
  organization={ACM}
}

@article{llm-hallucinations,
  title={A Survey on Hallucination in Large Language Models: Principles, Taxonomy, and Challenges},
  author={Zhang, Yue and Xu, Yafu and Zhang, Siheng and Xiao, Hanwei and Yuan, Jian and Yang, Shanlin},
  journal={arXiv preprint arXiv:2311.05232},
  year={2023}
}

@article{multi-agent-systems,
  title={Multi-Agent Systems for Complex Game AI: Current Approaches and Future Directions},
  author={Dignum, Frank and Dignum, Virginia and Prada, Rui and Hofstede, Gert Jan},
  journal={IEEE Transactions on Games},
  volume={13},
  number={1},
  pages={87--99},
  year={2021},
  publisher={IEEE}
}

@article{rag-applications,
  title={Retrieval-Augmented Generation for Knowledge-Intensive Applications},
  author={Gao, Jianfeng and Reynolds, Douglas and Zhang, Rangan and Asadi, Navid and Yi, Xiaodong and Lin, Jimmy and Kale, Mihir},
  journal={ACM SIGIR Forum},
  volume={56},
  number={1},
  pages={1--24},
  year={2022},
  publisher={ACM}
}

@article{human-ai-collaboration,
  title={Human-AI Collaboration in Game Design},
  author={Hoover, Andres and Liapis, Antonios and Togelius, Julian and Yannakakis, Georgios N.},
  journal={IEEE Transactions on Games},
  volume={12},
  number={3},
  pages={279--290},
  year={2020},
  publisher={IEEE}
}

@article{llm-applications,
  title={Applications of Large Language Models in Gaming and Interactive Fiction},
  author={Urbanek, Jack and Fan, Angela and Karamcheti, Siddharth and Jain, Saachi and Wulff, Samuel and Manning, Emily and Xiong, Caiming},
  journal={Proceedings of the 2022 Conference on Interactive Narrative Technologies},
  pages={78--89},
  year={2022},
  publisher={ACL}
}

@article{llm-context-window,
  title={Extending Context Window of Large Language Models via Positional Interpolation},
  author={Chen, Shouyuan and Wong, Sherman and Zhou, Liangjian and Bei, Yang},
  journal={arXiv preprint arXiv:2306.15595},
  year={2023}
}

